@misc{cnas-presentation,
  key = {cnas-presentation},
  title = "{Presentation of CNAS}",
  howpublished = "Retrieved from \url{https://www.cnas.dz/}",
  note = {CNAS. (n.d.)},
  year = {2023}
}
